Automatically generated by Mendeley Desktop 1.16.1
Any changes to this file will be lost if it is regenerated by Mendeley.

BibTeX export options can be customized via Options -> BibTeX in Mendeley Desktop

@article{Dixon2013,
author = {Dixon, G.},
file = {:C$\backslash$:/Users/Colin/AppData/Local/Mendeley Ltd./Mendeley Desktop/Downloaded/Dixon - 2013 - Essential FVS A User ' s Guide to the.pdf:pdf},
number = {January},
pages = {226},
title = {{Essential FVS : A User ' s Guide to the}},
year = {2013}
}
