  Bibtex:
  @misc{googleearthengine,
    title        = {Google Earth Engine: A planetary-scale geo-spatial analysis platform},
    author       = {{Google Earth Engine Team}},
    howpublished = { \url{https://earthengine.google.com} },
    month        = 12
    year         = 2015
  }

    @Manual{quantregg,
    title = {quantreg: Quantile Regression},
    author = {Roger Koenker},
    year = {2016},
    note = {R package version 5.29},
    url = {https://CRAN.R-project.org/package=quantreg},
  }
